@article{doi:10.1021/acs.chemrev.7b00536,
    author = {Cai, Zhengyang and Liu, Bilu and Zou, Xiaolong and Cheng,Hui-Ming},
    title = {Chemical Vapor Deposition Growth and Applications of Two-Dimensional Materials and Their Heterostructures},
    journal = {Chemical Reviews},
    volume = {118},
    number = {13},
    pages = {6091-6133},
    year = {2018},
    doi = {10.1021/acs.chemrev.7b00536},
    note ={PMID: 29384374},
    URL = { https://doi.org/10.1021/acs.chemrev.7b00536},
    eprint = {https://doi.org/10.1021/acs.chemrev.7b00536}
}